<?xml version="1.0" encoding="UTF-8"?><collection xmlns="http://www.loc.gov/MARC21/slim"><record><leader>00482nam--2200169-i-4500</leader><controlfield tag="001">000010987</controlfield><controlfield tag="002">20161230</controlfield><controlfield tag="005">20161230201029</controlfield><controlfield tag="008">060222s1000------------r-----000-0-eng-d</controlfield><datafield ind1=" " ind2=" " tag="040"><subfield code="a">IFIN-HH</subfield></datafield><datafield ind1=" " ind2=" " tag="080"><subfield code="a">539.12.04(043):546.289(043)</subfield></datafield><datafield ind1="1" ind2=" " tag="100"><subfield code="a">Den Ouden, Gerrit</subfield></datafield><datafield ind1="1" ind2="0" tag="245"><subfield code="a">Structural damage in neutron-irradiated germanium</subfield><subfield code="b">These</subfield><subfield code="c">Gerrit den ouden</subfield></datafield><datafield ind1=" " ind2=" " tag="260"><subfield code="a">Rotterdam</subfield><subfield code="b">Bronder-offset</subfield><subfield code="c">1971</subfield></datafield><datafield ind1=" " ind2=" " tag="300"><subfield code="a">109P</subfield></datafield><datafield ind1=" " ind2=" " tag="852"><subfield code="a">40535</subfield><subfield code="c">539.12.04</subfield></datafield><datafield ind1=" " ind2=" " tag="CAT"><subfield code="a">Sys</subfield><subfield code="c">20120207</subfield><subfield code="h">152239</subfield></datafield></record></collection>